@article{han2017optimal,
	title={Optimal sensor scheduling for multiple linear dynamical systems},
	author={Han, Duo and Wu, Junfeng and Zhang, Huanshui and Shi, Ling},
	journal={Automatica},
	volume={75},
	pages={260--270},
	year={2017},
	publisher={Elsevier}
}

@article{shi2011optimal,
	title={Optimal periodic sensor scheduling with limited resources},
	author={Shi, Ling and Cheng, Peng and Chen, Jiming},
	journal={IEEE Transactions on Automatic Control},
	volume={56},
	number={9},
	pages={2190--2195},
	year={2011},
	publisher={IEEE}
}

@inproceedings{mamduhi2014event,
	title={Event-triggered scheduling for stochastic multi-loop networked control systems with packet dropouts},
	author={Mamduhi, Mohammad H and Toli{\'c}, Domagoj and Molin, Adam and Hirche, Sandra},
	booktitle={Decision and Control (CDC), 2014 IEEE 53rd Annual Conference on},
	pages={2776--2782},
	year={2014},
	organization={IEEE}
}

@inproceedings{Egerstedt_queue,
  title={Multi-process control using queuing theory},
  author={Egerstedt, Magnus and Wardi, Y},
  booktitle={Proc. of the 41st IEEE Conf. on Dec. and Control (CDC)},
  volume={2},
  pages={1991--1996},
  year={2002}
}

@article{Tabuada_event,
  title={Event-triggered real-time scheduling of stabilizing control tasks},
  author={Tabuada, Paulo},
  journal={IEEE Transactions on Automatic Control},
  volume={52},
  number={9},
  pages={1680--1685},
  year={2007}
}

@article{Anta_Tabuada_self_TAC,
  title={To sample or not to sample: Self-triggered control for nonlinear systems},
  author={Adolfo Anta and Paulo Tabuada},
  journal={IEEE Transactions on Automatic Control},
  volume={55},
  number={9},
  pages={2030--2042},
  year={2010},
  publisher={IEEE}
}

@article{mazo2011decentralized,
  title={Decentralized event-triggered control over wireless sensor/actuator networks},
  author={Mazo, Manuel and Tabuada, Paulo},
  journal={IEEE Transactions on Automatic Control},
  volume={56},
  number={10},
  pages={2456--2461},
  year={2011}
}

@inproceedings{Hespanha_communication_logics,
  title={Optimal communication logics in networked control systems},
  author={Xu, Y. and Hespanha, J.P.},
  booktitle={Proc. of the 43rd IEEE Conf. on Dec. and Control (CDC)},
  volume={4},
  pages={3527--3532},
  year={2004},
}


@article{Ribeiro_EURASIP,
  title={Optimal resource allocation in wireless communication and networking},
  author={Ribeiro, Alejandro},
  journal={EURASIP Journal on Wireless Communications and Networking},
  volume={2012},
  number={1},
  pages={1--19},
  year={2012},
  publisher={Springer International Publishing AG}
}

@inproceedings{c_GatsisEtal13, 
author={Gatsis, Konstantinos and Ribeiro, Alejandro and Pappas, George J.}, 
booktitle={Proc. of the 2013 American Control Conference (ACC 2013)}, 
title={Optimal power management in wireless control systems}, 
year={2013}, 
pages={1562-1569}, 
}

@article{GatsisEtal14,
  title={Optimal power management in wireless control systems}, 
  author={Gatsis, Konstantinos and Ribeiro, Alejandro and Pappas, George J.},
  journal={IEEE Transactions on Automatic Control},
  year={2014},
	volume={59}, 
	number={6}, 
	pages={1495-1510}
}

@inproceedings{CDC13_GatsisEtal,
  author = {Konstantinos Gatsis and Miroslav Pajic and Alejandro Ribeiro and
	George J. Pappas},
  title = {Power-aware communication for wireless sensor-actuator systems},
  booktitle = {Proc. of the 52nd IEEE Conf. on Dec. and Control (CDC)},
  year={2013}, 
  pages={4006-4011}
}

@book{Bertsekas_convex,
  title={Convex analysis and optimization},
  author={Bertsekas, Dimitri P and Nedi{\'c}, Angelia and Ozdaglar, Asuman E},
  year={2003},
  publisher={Athena Scientific}
}

@book{Adaptive_sp_book,
  title={Adaptive signal processing algorithms: stability and performance},
  author={Solo, Victor and Kong, Xuan},
  year={1994},
  publisher={Prentice-Hall, Inc.}
}

@inproceedings{LeNy_resource_LQR,
  title={Resource constrained LQR control under fast sampling},
  author={Le Ny, Jerome and Feron, Eric and Pappas, George J},
  booktitle={Proc. of the 14th International Conference on Hybrid Systems: Computation and Control},
  pages={271--280},
  year={2011},
  organization={ACM}
}

@article{Cervin_feedback_scheduling,
  title={Feedback-feedforward scheduling of control tasks},
  author={Cervin, Anton and Eker, Johan and Bernhardsson, Bo and {\AA}rz{\'e}n, Karl-Erik},
  journal={Real-Time Systems},
  volume={23},
  number={1-2},
  pages={25--53},
  year={2002},
  publisher={Springer}
}

@inproceedings{Hristu_Kumar_interrupt_based,
  title={Interrupt-based feedback control over a shared communication medium},
  author={Hristu-Varsakelis, Dmitris and Kumar, Panganamala R},
  booktitle={Proc. of the 41st IEEE Conf. on Dec. and Control (CDC)},
  volume={3},
  pages={3223--3228},
  year={2002}
}

@article{Hristu_communication_control,
  title={Communication and control co-design for networked control systems},
  author={Zhang, Lei and Hristu-Varsakelis, Dimitrios},
  journal={Automatica},
  volume={42},
  number={6},
  pages={953--958},
  year={2006}
}

@inproceedings{Hristu_shared_feedback,
  title={Feedback control systems as users of a shared network: Communication sequences that guarantee stability},
  author={Hristu-Varsakelis, Dimitris},
  booktitle={Proc. of the 40th IEEE Conf. on Dec. and Control (CDC)},
  volume={4},
  pages={3631--3636},
  year={2001}
}

@incollection{Weiss_interfaces,
  title={Automata based interfaces for control and scheduling},
  author={Weiss, Gera and Alur, Rajeev},
  booktitle={Hybrid Systems: Computation and Control},
  pages={601--613},
  year={2007},
  publisher={Springer}
}

@inproceedings{Branicky_RM,
  title={Scheduling and feedback co-design for networked control systems},
  author={Branicky, Michael S and Phillips, Stephen M and Zhang, Wei},
  booktitle={Proc.of the 41st IEEE Conf. on Dec. and Control (CDC)},
  volume={2},
  pages={1211--1217},
  year={2002}
}

@article{Branicky_stability,
  title={Stability of networked control systems},
  author={Zhang, W. and Branicky, M.S. and Phillips, S.M.},
  journal={IEEE Control Systems Mag.},
  volume={21},
  number={1},
  pages={84--99},
  year={2001},
}

@article{Donkers_switched,
  title={Stability analysis of networked control systems using a switched linear systems approach},
  author={Donkers, M.C.F. and Heemels, W.P.M.H. and Van De Wouw, Nathan and Hetel, Laurentiu},
  journal={IEEE Transactions on Automatic Control},
  volume={56},
  number={9},
  pages={2101--2115},
  year={2011},
}

@article{Antsaklis_switched_survey,
  title={Stability and stabilizability of switched linear systems: a survey of recent results},
  author={Lin, Hai and Antsaklis, Panos J},
  journal={IEEE Transactions on Automatic control},
  volume={54},
  number={2},
  pages={308--322},
  year={2009},
}

@article{Shroff_Opportunistic,
  title={A framework for opportunistic scheduling in wireless networks},
  author={Liu, Xin and Chong, Edwin KP and Shroff, Ness B},
  journal={Computer Networks},
  volume={41},
  number={4},
  pages={451--474},
  year={2003},
}

@book{GeorgiadisEtal_resource_allocation,
  title={Resource allocation and cross-layer control in wireless networks},
  author={Georgiadis, Leonidas and Neely, Michael J and Tassiulas, Leandros},
  year={2006},
  publisher={Now Publishers Inc}
}

@article{Scheduling_control_combinatorics,
  title={Scheduling of a limited communication channel for optimal control},
  author={Rehbinder, Henrik and Sanfridson, Martin},
  journal={Automatica},
  volume={40},
  number={3},
  pages={491--500},
  year={2004}
}


@inproceedings{c_GatsisEtal14, 
	author={Gatsis, Konstantinos and Pajic, Miroslav and Ribeiro, Alejandro and Pappas, George J.}, 
	booktitle={ACM/IEEE 5th Int. Conf. on Cyber-Physical Systems (ICCPS)}, 
	title={Opportunistic Scheduling of Control Tasks Over Shared Wireless Channels}, 
	year={2014}, 
	pages={48-59}
}

@book{Bertsimas_LP,
  title={Introduction to linear optimization},
  author={Bertsimas, Dimitris and Tsitsiklis, John N},
  year={1997},
  publisher={Athena Scientific Belmont}
}

@book{Goldsmith_Wireless_Communications,
  title={Wireless communications},
  author={Andrea Goldsmith},
  year={2005},
  publisher={Cambr. Univ. Press}
}

@inproceedings{Ramesh_LQG_MAC,
  title={LQG and medium access control},
  author={Ramesh, Chithrupa and Sandberg, Henrik and Johansson, Karl Henrik},
  booktitle={Proc. of the 1st IFAC Workshop on Estimation and Control of Networked Systems (NecSys2009)},
  pages={328--333},
  year={2009}
}

@article{Walsh_Stability,
  title={Stability analysis of networked control systems},
  author={Walsh, Gregory C. and Ye, Hong and Bushnell, Linda G.},
  journal={IEEE Transactions on Control Systems Technology},
  volume={10},
  number={3},
  pages={438--446},
  year={2002}
}


@article{Hespanha_survey,
  title={A survey of recent results in networked control systems},
  author={Hespanha, J.P. and Naghshtabrizi, P. and Xu, Y.},
  journal={Proceedings of the IEEE},
  volume={95},
  number={1},
  pages={138--162},
  year={2007}
}

@article{unbalanced_assignment,
  title={On minimum-cost assignments in unbalanced bipartite graphs},
  author={Ramshaw, Lyle and Tarjan, Robert E},
  year={2012},
  institution={HP Labs},
  journal={HP Labs Technical Report},
  note = {\url{http://www.hpl.hp.com/techreports/2012/HPL-2012-40R1.html}}
}

@inproceedings{c_GatsisEtal14a, 
	author={Gatsis, Konstantinos and Pajic, Miroslav and Ribeiro, Alejandro and Pappas, George J.}, 
	booktitle={53rd IEEE Conf. on Dec. and Control (CDC)}, 
	title={Opportunistic sensor scheduling in wireless control systems}, 
	year={2014}, 
	pages={3777-3782}
}

@article{Control_timing,
  title={How does control timing affect performance?},
  author={Cervin, Anton and Henriksson, Dan and Lincoln, Bo and Eker, Johan and {\AA}rz{\'e}n, Karl-Erik},
  journal={IEEE Control Systems Magazine},
  volume={23},
  number={3},
  pages={16--30},
  year={2003}
}

@article{Meier_measurement_control,
  title={Optimal control of measurement subsystems},
  author={Meier, Lewis and Peschon, John and Dressler, Robert M},
  journal={IEEE Transactions on Automatic Control},
  volume={12},
  number={5},
  pages={528--536},
  year={1967}
}

@article{Lincoln_LQR_switching,
  title={LQR optimization of linear system switching},
  author={Lincoln, Bo and Bernhardsson, Bo},
  journal={IEEE Transactions on Automatic Control},
  volume={47},
  number={10},
  pages={1701--1705},
  year={2002}
}

@inproceedings{Seto_control_scheduling,
  title={On task schedulability in real-time control systems},
  author={Seto, Danbing and Lehoczky, John P and Sha, Lui and Shin, Kang G},
  booktitle={17th IEEE Real-Time Systems Symposium},
  pages={13--21},
  year={1996}
}

@book{Liu_Real_time_systems,
  title={Real-Time Systems},
  author={Liu, Jane WS},
  year={2000},
  publisher={Prentice-Hall, Inc}
}

@article{Schenato_foundations,
  title={Foundations of control and estimation over lossy networks},
  author={Schenato, L. and Sinopoli, B. and Franceschetti, M. and Poolla, K. and Sastry, S.S.},
  journal={Proceedings of the IEEE},
  volume={95},
  number={1},
  pages={163--187},
  year={2007}
}

@book{Durrett_probability,
  title={Probability: theory and examples},
  author={Rick Durrett},
  year={2010},
  publisher={Cambridge University Press}
}

@inproceedings{Hirche_Scheduling,
  title={Stability Analysis of Stochastic Prioritized Dynamic Scheduling for Resource-Aware Heterogeneous Multi-Loop Control Systems},
  author={Mamduhi, Mohammad H and Molin, Adam and Hirche, Sandra},
  booktitle = {Proc. of the 52nd IEEE Conf. on Decision and Control (CDC)},
  pages={7390-7396}, 
  year={2013}
}

@article{Hirche_Scheduling_Price, 
author={Molin, A. and Hirche, S.}, 
journal={IEEE Transactions on Automatic Control}, 
title={Price-Based Adaptive Scheduling in Multi-Loop Control Systems With Resource Constraints}, 
year={2014}, 
volume={59}, 
number={12}, 
pages={3282-3295}, 
}

@inproceedings{Cervin_event_scheduling,
  title={Scheduling of event-triggered controllers on a shared network},
  author={Cervin, Anton and Henningsson, Toivo},
  booktitle={Proc. of the 47th IEEE Conf. on Dec. and Control (CDC)},
  pages={3601--3606},
  year={2008}
}

@article{quevedo_kalman,
  title={On {K}alman filtering over fading wireless channels with controlled transmission powers},
  author={Quevedo, Daniel E and Ahl{\'e}n, Anders and Leong, Alex S and Dey, Subhrakanti},
  journal={Automatica},
  volume={48},
  number={7},
  pages={1306--1316},
  year={2012}
}

@ARTICLE{nourian_energy, 
author={Nourian, M. and Leong, A.S. and Dey, S.}, 
journal={IEEE Transactions on Automatic Control}, 
title={Optimal Energy Allocation for {K}alman Filtering Over Packet Dropping Links With Imperfect Acknowledgments and Energy Harvesting Constraints}, 
year={2014}, 
volume={59}, 
number={8}, 
pages={2128-2143}
}