@article{wollschlaeger2017future,
  title={The future of industrial communication: Automation networks in the era of the internet of things and industry 4.0},
  author={Wollschlaeger, Martin and Sauter, Thilo and Jasperneite, Juergen},
  journal={IEEE Industrial Electronics Magazine},
  volume={11},
  number={1},
  pages={17--27},
  year={2017},
  publisher={IEEE}
}

@article{popovski2018wireless,
  title={Wireless Access for Ultra-Reliable Low-Latency Communication: Principles and Building Blocks},
  author={Popovski, Petar and Nielsen, Jimmy J and Stefanovic, Cedomir and de Carvalho, Elisabeth and Strom, Erik and Trillingsgaard, Kasper F and Bana, Alexandru-Sabin and Kim, Dong Min and Kotaba, Radoslaw and Park, Jihong and others},
  journal={IEEE Network},
  volume={32},
  number={2},
  pages={16--23},
  year={2018},
  publisher={IEEE}
}

@article{eisen2018learninga,
  title={Learning optimal resource allocations in wireless systems},
  author={Eisen, Mark and Zhang, Clark and Chamon, Luiz FO and Lee, Daniel D and Ribeiro, Alejandro},
  journal={arXiv preprint arXiv:1807.08088},
  year={2018}
}

@article{eisen2018learning,
  title={Learning optimal resource allocations in wireless systems},
  author={Eisen, Mark and Zhang, Clark and Chamon, Luiz FO and Lee, Daniel D and Ribeiro, Alejandro},
  journal={arXiv preprint arXiv:1807.08088},
  year={2018}
}

@article{bennis2018ultra,
  title={Ultra-reliable and low-latency wireless communication: Tail, risk and scale},
  author={Bennis, Mehdi and Debbah, M{\'e}rouane and Poor, H Vincent},
  journal={arXiv preprint arXiv:1801.01270},
  year={2018}
}

@article{nielsen2018ultra,
  title={Ultra-reliable low latency communication using interface diversity},
  author={Nielsen, Jimmy Jessen and Liu, Rongkuan and Popovski, Petar},
  journal={IEEE Transactions on Communications},
  volume={66},
  number={3},
  pages={1322--1334},
  year={2018},
  publisher={IEEE}
}

@inproceedings{brahmi2015deployment,
  title={Deployment strategies for ultra-reliable and low-latency communication in factory automation},
  author={Brahmi, Nadia and Yilmaz, Osman NC and Helmersson, Ke Wang and Ashraf, Shehzad A and Torsner, Johan},
  booktitle={Globecom Workshops (GC Wkshps), 2015 IEEE},
  pages={1--6},
  year={2015},
  organization={IEEE}
}

@inproceedings{yilmaz2015analysis,
  title={Analysis of ultra-reliable and low-latency 5G communication for a factory automation use case},
  author={Yilmaz, Osman NC and Wang, Y-P Eric and Johansson, Niklas A and Brahmi, Nadia and Ashraf, Shehzad A and Sachs, Joachim},
  booktitle={Communication Workshop (ICCW), 2015 IEEE International Conference on},
  pages={1190--1195},
  year={2015},
  organization={IEEE}
}

@inproceedings{weiner2014design,
  title={Design of a low-latency, high-reliability wireless communication system for control applications},
  author={Weiner, Matthew and Jorgovanovic, Milos and Sahai, Anant and Nikoli{\'e}, Borivoje},
  booktitle={Communications (ICC), 2014 IEEE International Conference on},
  pages={3829--3835},
  year={2014},
  organization={IEEE}
}

@article{zand2012wireless,
  title={Wireless industrial monitoring and control networks: The journey so far and the road ahead},
  author={Zand, Pouria and Chatterjea, Supriyo and Das, Kallol and Havinga, Paul},
  journal={Journal of sensor and actuator networks},
  volume={1},
  number={2},
  pages={123--152},
  year={2012},
  publisher={Molecular Diversity Preservation International}
}

@inproceedings{swamy2015cooperative,
  title={Cooperative communication for high-reliability low-latency wireless control},
  author={Swamy, Vasuki Narasimha and Suri, Sahaana and Rigge, Paul and Weiner, Matthew and Ranade, Gireeja and Sahai, Anant and Nikoli{\'c}, Borivoje},
  booktitle={Communications (ICC), 2015 IEEE International Conference on},
  pages={4380--4386},
  year={2015},
  organization={IEEE}
}

@inproceedings{shariatmadari2017control,
  title={Control channel enhancements for ultra-reliable low-latency communications},
  author={Shariatmadari, Hamidreza and Li, Zexian and Iraji, Sassan and Uusitalo, Mikko A and J{\"a}ntti, Riku},
  booktitle={Communications Workshops (ICC Workshops), 2017 IEEE International Conference on},
  pages={504--509},
  year={2017},
  organization={IEEE}
}

@article{andrews2001providing,
  title={Providing quality of service over a shared wireless link},
  author={Andrews, Matthew and Kumaran, Krishnan and Ramanan, Kavita and Stolyar, Alexander and Whiting, Phil and Vijayakumar, Rajiv},
  journal={IEEE Communications magazine},
  volume={39},
  number={2},
  pages={150--154},
  year={2001},
  publisher={IEEE}
}

@misc{acrome, 
 author = {{ACROME}},
 url = {https://www.acrome.net/ball-balancing-table}
}

@article{hoefel2016application,
  title={On Application of PHY Layer Abstraction Techniques for System Level Simulation and Adaptive Modulation in {IEEE} 802.11 ac/ax Systems},
  author={Hoefel, Roger Pierre Fabris and Bejarano, Oscar},
  journal={Journal of Communication and Information Systems},
  volume={31},
  number={1},
  year={2016}
}

@misc{quanser, 
 author = {{Quanser}},
 title = {Linear inverted pendulum user manual},
 url = {https://www.quanser.com/products/linear-servo-base-unit-inverted-pendulum/}
}

@inproceedings{roman2008modelling,
  title={Modelling of the rotary inverted pendulum system},
  author={Roman, Monica and Bobasu, E and Sendrescu, D},
  booktitle={Automation, Quality and Testing, Robotics, 2008. AQTR 2008. IEEE International Conference on},
  volume={2},
  pages={141--146},
  year={2008},
  organization={IEEE}
}

@article{liu2014ieee,
  title={IEEE 802.11 ax channel model document},
  author={Liu, Jianhan and Porat, R and Jindal, N and others},
  journal={Wireless LANs, Rep. IEEE 802.11--14/0882r3},
  year={2014}
}

@article{wu2018optimal,
  title={Optimal scheduling of multiple sensors over shared channels with packet transmission constraint},
  author={Wu, Shuang and Ren, Xiaoqiang and Dey, Subhrakanti and Shi, Ling},
  journal={Automatica},
  volume={96},
  pages={22--31},
  year={2018},
  publisher={Elsevier}
}

@inproceedings{varghese2014wireless,
  title={Wireless requirements and challenges in Industry 4.0},
  author={Varghese, Anitha and Tandur, Deepaknath},
  booktitle={Contemporary Computing and Informatics (IC3I), 2014 International Conference on},
  pages={634--638},
  year={2014},
  organization={IEEE}
}

@article{li2017review,
  title={A review of industrial wireless networks in the context of industry 4.0},
  author={Li, Xiaomin and Li, Di and Wan, Jiafu and Vasilakos, Athanasios V and Lai, Chin-Feng and Wang, Shiyong},
  journal={Wireless networks},
  volume={23},
  number={1},
  pages={23--41},
  year={2017},
  publisher={Springer}
}

@article{kim2005proportional,
  title={A proportional fair scheduling for multicarrier transmission systems},
  author={Kim, Hoon and Han, Youngnam},
  journal={IEEE Communications letters},
  volume={9},
  number={3},
  pages={210--212},
  year={2005},
  publisher={IEEE}
}

@article{bellalta2016ieee,
  title={IEEE 802.11 ax: High-efficiency WLANs},
  author={Bellalta, Boris},
  journal={IEEE Wireless Communications},
  volume={23},
  number={1},
  pages={38--46},
  year={2016},
  publisher={IEEE}
}

@inproceedings{knopp1995information,
  title={Information capacity and power control in single-cell multiuser communications},
  author={Knopp, Raymond and Humblet, Pierre A},
  booktitle={Communications, 1995. ICC'95 Seattle,'Gateway to Globalization', 1995 IEEE International Conference on},
  volume={1},
  pages={331--335},
  year={1995},
  organization={IEEE}
}
@inproceedings{wu2014analysis,
  title={Analysis of EDF scheduling for wireless sensor-actuator networks},
  author={Wu, Chengjie and Sha, Mo and Gunatilaka, Dolvara and Saifullah, Abusayeed and Lu, Chenyang and Chen, Yixin},
  booktitle={Quality of Service (IWQoS), 2014 IEEE 22nd International Symposium of},
  pages={31--40},
  year={2014},
  organization={IEEE}
}

@article{lu1999fair,
  title={Fair scheduling in wireless packet networks},
  author={Lu, Songwu and Bharghavan, Vaduvur and Srikant, Rayadurgam},
  journal={IEEE/ACM Transactions on networking},
  volume={7},
  number={4},
  pages={473--489},
  year={1999},
  publisher={IEEE}
}

@article{yaacoub2012survey,
  title={A survey on uplink resource allocation in OFDMA wireless networks},
  author={Yaacoub, Elias and Dawy, Zaher},
  journal={IEEE Communications Surveys \& Tutorials},
  volume={14},
  number={2},
  pages={322--337},
  year={2012},
  publisher={Institute of Electrical and Electronics Engineers, Inc., 3 Park Avenue, 17 th Fl New York NY 10016-5997 United States}
}

@article{cao2001scheduling,
  title={Scheduling algorithms in broadband wireless networks},
  author={Cao, Yaxin and Li, Victor OK},
  journal={Proceedings of the IEEE},
  volume={89},
  number={1},
  pages={76--87},
  year={2001},
  publisher={IEEE}
}

@article{wongthavarawat2003packet,
  title={Packet scheduling for QoS support in IEEE 802.16 broadband wireless access systems},
  author={Wongthavarawat, Kitti and Ganz, Aura},
  journal={international journal of communication systems},
  volume={16},
  number={1},
  pages={81--96},
  year={2003},
  publisher={Wiley Online Library}
}
@article{fattah2002overview,
  title={An overview of scheduling algorithms in wireless multimedia networks},
  author={Fattah, Hossam and Leung, Cyril},
  journal={IEEE wireless communications},
  volume={9},
  number={5},
  pages={76--83},
  year={2002},
  publisher={IEEE}
}

@inproceedings{vermorel2005multi,
	title={Multi-armed bandit algorithms and empirical evaluation},
	author={Vermorel, Joannes and Mohri, Mehryar},
	booktitle={European conference on machine learning},
	pages={437--448},
	year={2005},
	organization={Springer}
}

@article{luo2009duality,
  title={Duality gap estimation and polynomial time approximation for optimal spectrum management},
  author={Luo, Zhi-Quan and Zhang, Shuzhong},
  journal={IEEE Transactions on Signal Processing},
  volume={57},
  number={7},
  pages={2675--2689},
  year={2009},
  publisher={IEEE}
}

@article{kuhn1955hungarian,
  title={The Hungarian method for the assignment problem},
  author={Kuhn, Harold W},
  journal={Naval research logistics quarterly},
  volume={2},
  number={1-2},
  pages={83--97},
  year={1955},
  publisher={Wiley Online Library}
}
@article{edmonds1972theoretical,
  title={Theoretical improvements in algorithmic efficiency for network flow problems},
  author={Edmonds, Jack and Karp, Richard M},
  journal={Journal of the ACM (JACM)},
  volume={19},
  number={2},
  pages={248--264},
  year={1972},
  publisher={ACM}
}

@article{hajinezhad2017zeroth,
  title={Zeroth Order Nonconvex Multi-Agent Optimization over Networks},
  author={Hajinezhad, Davood and Hong, Mingyi and Garcia, Alfredo},
  journal={arXiv preprint arXiv:1710.09997},
  year={2017}
}

@article{ghadimi2013stochastic,
  title={Stochastic first-and zeroth-order methods for nonconvex stochastic programming},
  author={Ghadimi, Saeed and Lan, Guanghui},
  journal={SIAM Journal on Optimization},
  volume={23},
  number={4},
  pages={2341--2368},
  year={2013},
  publisher={SIAM}
}

@inproceedings{ribeiro2008optimal,
  title={Optimal fdma over wireless fading mobile ad-hoc networks},
  author={Ribeiro, Alejandro and Giannakis, Georgios B},
  booktitle={Acoustics, Speech and Signal Processing, 2008. ICASSP 2008. IEEE International Conference on},
  pages={2765--2768},
  year={2008},
  organization={IEEE}
}

@article{wang2010stochastic,
  title={Stochastic resource allocation over fading multiple access and broadcast channels},
  author={Wang, Xin and Gao, Na},
  journal={IEEE Transactions on Information Theory},
  volume={56},
  number={5},
  pages={2382--2391},
  year={2010},
  publisher={IEEE}
}

@incollection{hong2014signal,
  title={Signal processing and optimal resource allocation for the interference channel},
  author={Hong, Mingyi and Luo, Zhi-Quan},
  booktitle={Academic Press Library in Signal Processing},
  volume={2},
  pages={409--469},
  year={2014},
  publisher={Elsevier}
}

@book{borrelli2017predictive,
	title={Predictive control for linear and hybrid systems},
	author={Borrelli, Francesco and Bemporad, Alberto and Morari, Manfred},
	year={2017},
	publisher={Cambridge University Press}
}

@inproceedings{ashraf2016ultra,
  title={Ultra-reliable and low-latency communication for wireless factory automation: From {LTE} to {5G}},
  author={Ashraf, Shehzad A and Aktas, Ismet and Eriksson, Erik and Helmersson, Ke Wang and Ansari, Junaid},
  booktitle={Emerging Technologies and Factory Automation (ETFA), 2016 IEEE 21st International Conference on},
  pages={1--8},
  year={2016},
  organization={IEEE}
}

@article{gupta2007optimal,
	title={Optimal LQG control across packet-dropping links},
	author={Gupta, Vijay and Hassibi, Babak and Murray, Richard M},
	journal={Systems \& Control Letters},
	volume={56},
	number={6},
	pages={439--446},
	year={2007},
	publisher={Elsevier}
}

@article{elia2005remote,
	title={Remote stabilization over fading channels},
	author={Elia, Nicola},
	journal={Systems \& Control Letters},
	volume={54},
	number={3},
	pages={237--249},
	year={2005},
	publisher={Elsevier}
}

@article{sanchez2004java,
  title={A Java/Matlab-based environment for remote control system laboratories: illustrated with an inverted pendulum},
  author={S{\'a}nchez, Jos{\'e} and Dormido, Sebasti{\'a}n and Pastor, Rafael and Morilla, Fernando},
  journal={IEEE Transactions on Education},
  volume={47},
  number={3},
  pages={321--329},
  year={2004},
  publisher={IEEE}
}

@article{kumar2013robust,
  title={Robust LQR controller design for stabilizing and trajectory tracking of inverted pendulum},
  author={Kumar, E Vinodh and Jerome, Jovitha},
  journal={Procedia Engineering},
  volume={64},
  pages={169--178},
  year={2013},
  publisher={Elsevier}
}

@inproceedings{parvathy2015stabilization,
  title={Stabilization of an inverted pendulum using robust controller},
  author={Parvathy, S and others},
  booktitle={Intelligent Systems and Control (ISCO), 2015 IEEE 9th International Conference on},
  pages={1--4},
  year={2015},
  organization={IEEE}
}

@article{cloosterman2010controller,
	title={Controller synthesis for networked control systems},
	author={Cloosterman, Marieke BG and Hetel, Laurentiu and Van de Wouw, Nathan and Heemels, WPMH and Daafouz, Jamal and Nijmeijer, Henk},
	journal={Automatica},
	volume={46},
	number={10},
	pages={1584--1594},
	year={2010},
	publisher={Elsevier}
}

@article{imer2006optimal,
	title={Optimal control of LTI systems over unreliable communication links},
	author={Imer, Orhan C and Y{\"u}ksel, Serdar and Ba{\c{s}}ar, Tamer},
	journal={Automatica},
	volume={42},
	number={9},
	pages={1429--1439},
	year={2006},
	publisher={Elsevier}
}

@inproceedings{Rabi_scheduling,
	title={Scheduling packets for event-triggered control},
	author={Rabi, Maben and Johansson, Karl H},
	booktitle={European Control Conference (ECC)},
	pages={3779--3784},
	year={2009}
}

@inproceedings{Event_triggered_intro,
	title={An introduction to event-triggered and self-triggered control},
	author={Heemels, {WPMH} and Johansson, Karl H and Tabuada, Paulo},
	booktitle={51st Annual Conference on Decision and Control},
	pages={3270--3285},
	year={2012}
}

@book{Goldsmith_Wireless_Communications,
	title={Wireless communications},
	author={Andrea Goldsmith},
	year={2005},
	publisher={Cambr. Univ. Press}
}

@article{Sinopoli_intermittent,
	title={Kalman filtering with intermittent observations},
	author={Sinopoli, B. and Schenato, L. and Franceschetti, M. and Poolla, K. and Jordan, M.I. and Sastry, S.S.},
	journal={IEEE Transactions on Automatic Control},
	volume={49},
	number={9},
	pages={1453--1464},
	year={2004}
}

@article{Schenato_foundations,
	title={Foundations of control and estimation over lossy networks},
	author={Schenato, L. and Sinopoli, B. and Franceschetti, M. and Poolla, K. and Sastry, S.S.},
	journal={Proceedings of the IEEE},
	volume={95},
	number={1},
	pages={163--187},
	year={2007}
}


@article{Tatikonda,
	title={Control under communication constraints},
	author={Tatikonda, S. and Mitter, S.},
	journal={IEEE Transactions on Automatic Control},
	volume={49},
	number={7},
	pages={1056--1068},
	year={2004}
}

@article{Sahai_anytime,
	title={The Necessity and Sufficiency of Anytime Capacity for Stabilization of a Linear System Over a Noisy Communication Link\&\# 8212; Part I: Scalar Systems},
	author={Sahai, A. and Mitter, S.},
	journal={IEEE Transactions on Information Theory},
	volume={52},
	number={8},
	pages={3369--3395},
	year={2006}
}

@inproceedings{mamduhi2014event,
	title={Event-triggered scheduling for stochastic multi-loop networked control systems with packet dropouts},
	author={Mamduhi, Mohammad H and Toli{\'c}, Domagoj and Molin, Adam and Hirche, Sandra},
	booktitle={Decision and Control (CDC), 2014 IEEE 53rd Annual Conference on},
	pages={2776--2782},
	year={2014},
	organization={IEEE}
}

@article{araujo2014system,
	title={System architectures, protocols and algorithms for aperiodic wireless control systems},
	author={Ara{\'u}jo, Jos{\'e} and Mazo, Manuel and Anta, Adolfo and Tabuada, Paulo and Johansson, Karl H},
	journal={IEEE Transactions on Industrial Informatics},
	volume={10},
	number={1},
	pages={175--184},
	year={2014},
	publisher={IEEE}
}
@article{mazo2011decentralized,
	title={Decentralized event-triggered control over wireless sensor/actuator networks},
	author={Mazo, Manuel and Tabuada, Paulo},
	journal={IEEE Transactions on Automatic Control},
	volume={56},
	number={10},
	pages={2456--2461},
	year={2011},
	publisher={IEEE}
}

@article{hespanha2007survey,
  title={A survey of recent results in networked control systems},
  author={Hespanha, Joao P and Naghshtabrizi, Payam and Xu, Yonggang},
  journal={Proceedings of the IEEE},
  volume={95},
  number={1},
  pages={138--162},
  year={2007},
  publisher={IEEE}
}

@inproceedings{nguyen1996trace,
  title={A trace-based approach for modeling wireless channel behavior},
  author={Nguyen, Giao T and Katz, Randy H and Noble, Brian and Satyanarayanan, Mahadev},
  booktitle={Proceedings of the 28th conference on Winter simulation},
  pages={597--604},
  year={1996},
  organization={IEEE Computer Society}
}

@article{wallace2002modeling,
  title={Modeling the indoor MIMO wireless channel},
  author={Wallace, Jon W and Jensen, Michael A},
  journal={IEEE Transactions on Antennas and Propagation},
  volume={50},
  number={5},
  pages={591--599},
  year={2002},
  publisher={IEEE}
}
@inproceedings{kashyap2007measurement,
  title={A measurement-based approach to modeling link capacity in 802.11-based wireless networks},
  author={Kashyap, Anand and Ganguly, Samrat and Das, Samir R},
  booktitle={Proceedings of the 13th annual ACM international conference on Mobile computing and networking},
  pages={242--253},
  year={2007},
  organization={ACM}
}

@article{Quevedo_Kalman,
  title={On {Kalman} filtering over fading wireless channels with controlled transmission powers},
  author={Quevedo, Daniel E and Ahl{\'e}n, Anders and Leong, Alex S and Dey, Subhrakanti},
  journal={Automatica},
  volume={48},
  number={7},
  pages={1306--1316},
  year={2012}
}

@article{GatsisEtal14,
  title={Optimal power management in wireless control systems},
  author={Gatsis, Konstantinos and Ribeiro, Alejandro and Pappas, George J.},
  journal={IEEE Transactions on Automatic Control},
  volume={59},
	number={6},
	pages={1495-1510},
	year={2014},
}


@article{GatsisEtal15,
	author={Konstantinos Gatsis and Miroslav Pajic and Alejandro Ribeiro and George J. Pappas},
	journal={IEEE Transactions on Automatic Control},
	title={Opportunistic Control over Shared Wireless Channels},
	year={2015},
	month={December},
	volume={60},
	number={12},
	pages={3140-3155}
}

article{bellalta2015ieee,
  title={IEEE 802.11 ax: High-efficiency WLANs},
  author={Bellalta, Boris},
  journal={arXiv preprint arXiv:1501.01496},
  year={2015}
}

@article{GatsisEtal16,
	author={Konstantinos Gatsis and Alejandro Ribeiro and George J. Pappas},
	journal={Automatica},
	title={Random Access Design for Wireless Control Systems},
	year={2018},
	note={To appear. Available on Arxiv},
	url = {http://arxiv.org/pdf/1605.00627v1.pdf}
}

@inproceedings{bousquet2008tradeoffs,
  title={The tradeoffs of large scale learning},
  author={Bousquet, Olivier and Bottou, L{\'e}on},
  booktitle={Advances in neural information processing systems},
  pages={161--168},
  year={2008}
}

@book{vapnik2013nature,
  title={The nature of statistical learning theory},
  author={Vapnik, Vladimir},
  year={2013},
  publisher={Springer science \& business media}
}

@inproceedings{frostig2015competing,
  title={Competing with the empirical risk minimizer in a single pass},
  author={Frostig, Roy and Ge, Rong and Kakade, Sham M and Sidford, Aaron},
  booktitle={Conference on learning theory},
  pages={728--763},
  year={2015}
}


@article{ribeiro2010ergodic,
  title={Ergodic stochastic optimization algorithms for wireless communication and networking},
  author={Ribeiro, Alejandro},
  journal={IEEE Transactions on Signal Processing},
  volume={58},
  number={12},
  pages={6369--6386},
  year={2010},
  publisher={IEEE}
}

@article{ribeiro2012optimal,
  title={Optimal resource allocation in wireless communication and networking},
  author={Ribeiro, Alejandro},
  journal={EURASIP Journal on Wireless Communications and Networking},
  volume={2012},
  number={1},
  pages={272},
  year={2012},
  publisher={Springer}
}

@inproceedings{mokhtari2016adaptive,
  title={Adaptive Newton method for empirical risk minimization to statistical accuracy},
  author={Mokhtari, Aryan and Daneshmand, Hadi and Lucchi, Aurelien and Hofmann, Thomas and Ribeiro, Alejandro},
  booktitle={Advances in Neural Information Processing Systems},
  pages={4062--4070},
  year={2016}
}

@article{eisen2017large,
  title={Large Scale Empirical Risk Minimization via Truncated Adaptive Newton Method},
  author={Eisen, Mark and Mokhtari, Aryan and Ribeiro, Alejandro},
  journal={arXiv preprint arXiv:1705.07957},
  year={2017}
}

@book{boyd2004convex,
  title={Convex optimization},
  author={Boyd, Stephen and Vandenberghe, Lieven},
  year={2004},
  publisher={Cambridge university press}
}

@book{nesterov2013introductory,
  title={Introductory lectures on convex optimization: A basic course},
  author={Nesterov, Yurii},
  volume={87},
  year={2013},
  publisher={Springer Science \& Business Media}
}

@incollection{bottou2010large,
  title={Large-scale machine learning with stochastic gradient descent},
  author={Bottou, L{\'e}on},
  booktitle={Proceedings of COMPSTAT'2010},
  pages={177--186},
  year={2010},
  publisher={Springer}
}

@article{duchi2011adaptive,
  title={Adaptive subgradient methods for online learning and stochastic optimization},
  author={Duchi, John and Hazan, Elad and Singer, Yoram},
  journal={Journal of Machine Learning Research},
  volume={12},
  number={Jul},
  pages={2121--2159},
  year={2011}
}

@inproceedings{defazio2014saga,
  title={Saga: A fast incremental gradient method with support for non-strongly convex composite objectives},
  author={Defazio, Aaron and Bach, Francis and Lacoste-Julien, Simon},
  booktitle={Advances in Neural Information Processing Systems},
  pages={1646--1654},
  year={2014}
}
@inproceedings{johnson2013accelerating,
  title={Accelerating stochastic gradient descent using predictive variance reduction},
  author={Johnson, Rie and Zhang, Tong},
  booktitle={Advances in neural information processing systems},
  pages={315--323},
  year={2013}
}
@article{necoara2009interior,
  title={Interior-point lagrangian decomposition method for separable convex optimization},
  author={Necoara, I and Suykens, JAK},
  journal={Journal of Optimization Theory and Applications},
  volume={143},
  number={3},
  pages={567},
  year={2009},
  publisher={Springer US}
}

@article{owen2013self,
  title={Self-concordance for empirical likelihood},
  author={Owen, Art B},
  journal={Canadian Journal of Statistics},
  volume={41},
  number={3},
  pages={387--397},
  year={2013},
  publisher={Wiley Online Library}
}

@article{xing2008stochastic,
  title={Stochastic learning solution for distributed discrete power control game in wireless data networks},
  author={Xing, Yiping and Chandramouli, Rajarathnam},
  journal={IEEE/ACM Transactions on Networking (TON)},
  volume={16},
  number={4},
  pages={932--944},
  year={2008},
  publisher={IEEE Press}
}

@article{cui2012survey,
  title={A survey on delay-aware resource control for wireless systems?Large deviation theory, stochastic Lyapunov drift, and distributed stochastic learning},
  author={Cui, Ying and Lau, Vincent KN and Wang, Rui and Huang, Huang and Zhang, Shunqing},
  journal={IEEE Transactions on Information Theory},
  volume={58},
  number={3},
  pages={1677--1701},
  year={2012},
  publisher={IEEE}
}

@article{ribeiro2010ergodic,
  title={Ergodic stochastic optimization algorithms for wireless communication and networking},
  author={Ribeiro, Alejandro},
  journal={IEEE Transactions on Signal Processing},
  volume={58},
  number={12},
  pages={6369--6386},
  year={2010},
  publisher={IEEE}
}

@inproceedings{ashraf2016ultra,
  title={Ultra-reliable and low-latency communication for wireless factory automation: From LTE to 5G},
  author={Ashraf, Shehzad A and Aktas, Ismet and Eriksson, Erik and Helmersson, Ke Wang and Ansari, Junaid},
  booktitle={2016 IEEE 21st International Conference on Emerging Technologies and Factory Automation (ETFA)},
  pages={1--8},
  year={2016},
  organization={IEEE}
}

@article{mushkin1989capacity,
  title={Capacity and coding for the Gilbert-Elliott channels},
  author={Mushkin, Mordechai and Bar-David, Israel},
  journal={IEEE Transactions on Information Theory},
  volume={35},
  number={6},
  pages={1277--1290},
  year={1989},
  publisher={IEEE}
}

@article{ahmad2009optimality,
  title={Optimality of myopic sensing in multichannel opportunistic access},
  author={Ahmad, Sahand Haji Ali and Liu, Mingyan and Javidi, Tara and Zhao, Qing and Krishnamachari, Bhaskar},
  journal={IEEE Transactions on Information Theory},
  volume={55},
  number={9},
  pages={4040--4050},
  year={2009},
  publisher={IEEE}
}

@inproceedings{ouyang2012asymptotically,
  title={Asymptotically optimal downlink scheduling over Markovian fading channels},
  author={Ouyang, Wenzhuo and Eryilmaz, Atilla and Shroff, Ness B},
  booktitle={INFOCOM, 2012 Proceedings IEEE},
  pages={1224--1232},
  year={2012},
  organization={IEEE}
}

@article{demirel2018deepcas,
  title={Deepcas: A deep reinforcement learning algorithm for control-aware scheduling},
  author={Demirel, Burak and Ramaswamy, Arunselvan and Quevedo, Daniel E and Karl, Holger},
  journal={IEEE Control Systems Letters},
  volume={2},
  number={4},
  pages={737--742},
  year={2018},
  publisher={IEEE}
}

@article{leong2018deep,
  title={Deep Reinforcement Learning for Wireless Sensor Scheduling in Cyber-Physical Systems},
  author={Leong, Alex S and Ramaswamy, Arunselvan and Quevedo, Daniel E and Karl, Holger and Shi, Ling},
  journal={arXiv preprint arXiv:1809.05149},
  year={2018}
}

@article{ashraf2018dynamic,
  title={Dynamic Resource Allocation for Optimized Latency and Reliability in Vehicular Networks},
  author={Ashraf, Muhammad Ikram and Liu, Chen-Feng and Bennis, Mehdi and Saad, Walid and Hong, Choong Seon},
  journal={IEEE Access},
  volume={6},
  pages={63843--63858},
  year={2018},
  publisher={IEEE}
}

@article{huang2009joint,
  title={Joint scheduling and resource allocation in uplink OFDM systems for broadband wireless access networks},
  author={Huang, Jianwei and Subramanian, Vijay G and Agrawal, Rajeev and Berry, Randall},
  journal={IEEE Journal on Selected Areas in Communications},
  volume={27},
  number={2},
  pages={226--234},
  year={2009},
  publisher={IEEE}
}

@article{song2005cross,
  title={Cross-layer optimization for OFDM wireless networks-part I: theoretical framework},
  author={Song, Guocong and Li, Ye},
  journal={IEEE transactions on wireless communications},
  volume={4},
  number={2},
  pages={614--624},
  year={2005},
  publisher={IEEE}
}

@article{eisen2018control,
  title={Control Aware Radio Resource Allocation in Low Latency Wireless Control Systems},
  author={Eisen, Mark and Rashid, Mohammad M and Gatsis, Konstantinos and Cavalcanti, Dave and Himayat, Nageen and Ribeiro, Alejandro},
  journal={arXiv preprint arXiv:1811.00409},
  year={2018}
}


@article{song2005crossA,
  title={Cross-layer optimization for OFDM wireless networks-part II: algorithm development},
  author={Song, Guocong and Li, Ye},
  journal={IEEE Transactions on Wireless Communications},
  volume={4},
  number={2},
  pages={625--634},
  year={2005},
  publisher={IEEE}
}

@article{ren2017infinite,
	title={Infinite horizon optimal transmission power control for remote state estimation over fading channels},
	author={Ren, Xiaoqiang and Wu, Junfeng and Johansson, Karl Henrik and Shi, Guodong and Shi, Ling},
	journal={IEEE Transactions on Automatic Control},
	year={2017},
	publisher={IEEE}
}

@article{eisen2018control,
  title={Control Aware Radio Resource Allocation in Low Latency Wireless Control Systems},
  author={Eisen, Mark and Rashid, Mohammad M and Gatsis, Konstantinos and Cavalcanti, Dave and Himayat, Nageen and Ribeiro, Alejandro},
  journal={arXiv preprint arXiv:1811.00409},
  year={2018}
}

@article{wu2015data,
	title={Data-driven power control for state estimation: a bayesian inference approach},
	author={Wu, Junfeng and Li, Yuzhe and Quevedo, Daniel E and Lau, Vincent and Shi, Ling},
	journal={Automatica},
	volume={54},
	pages={332--339},
	year={2015},
	publisher={Elsevier}
}

@book{bertsekas,
  title={Dynamic programming and optimal control},
  author={Bertsekas, Dimitri P},
  volume={1-2},
  number={2},
  year={2012},
  publisher={Athena scientific Belmont, MA}
}

@book{sutton1998reinforcement,
  title={Reinforcement learning: An introduction},
  author={Sutton, Richard S and Barto, Andrew G},
  volume={1},
  number={1},
  year={1998},
  publisher={MIT press Cambridge}
}

@article{elia2005remote,
  title={Remote stabilization over fading channels},
  author={Elia, Nicola},
  journal={Systems \& Control Letters},
  volume={54},
  number={3},
  pages={237--249},
  year={2005},
  publisher={Elsevier}
}

@article{braslavsky2007feedback,
  title={Feedback stabilization over signal-to-noise ratio constrained channels},
  author={Braslavsky, Julio H and Middleton, Richard H and Freudenberg, James S},
  journal={IEEE Transactions on Automatic Control},
  volume={52},
  number={8},
  pages={1391--1403},
  year={2007},
  publisher={IEEE}
}

@article{zhang2001stability,
  title={Stability of networked control systems},
  author={Zhang, Wei and Branicky, Michael S and Phillips, Stephen M},
  journal={IEEE Control Systems},
  volume={21},
  number={1},
  pages={84--99},
  year={2001},
  publisher={IEEE}
}

@article{walsh2002stability,
  title={Stability analysis of networked control systems},
  author={Walsh, Gregory C and Ye, Hong and Bushnell, Linda G},
  journal={IEEE transactions on control systems technology},
  volume={10},
  number={3},
  pages={438--446},
  year={2002},
  publisher={IEEE}
}

@article{georgiadis2006resource,
  title={Resource allocation and cross-layer control in wireless networks},
  author={Georgiadis, Leonidas and Neely, Michael J and Tassiulas, Leandros and others},
  journal={Foundations and Trends{\textregistered} in Networking},
  volume={1},
  number={1},
  pages={1--144},
  year={2006},
  publisher={Now Publishers, Inc.}
}

@article{lin2006tutorial,
  title={A tutorial on cross-layer optimization in wireless networks},
  author={Lin, Xiaojun and Shroff, Ness B and Srikant, Rayadurgam},
  journal={IEEE Journal on Selected areas in Communications},
  volume={24},
  number={8},
  pages={1452--1463},
  year={2006},
  publisher={IEEE}
}

@inproceedings{gatsis2016control,
  title={Control-aware random access communication},
  author={Gatsis, Konstantinos and Ribeiro, Alejandro and Pappas, George J},
  booktitle={Cyber-Physical Systems (ICCPS), 2016 ACM/IEEE 7th International Conference on},
  pages={1--9},
  year={2016},
  organization={IEEE}
}

@article{alur2011compositional,
  title={Compositional modeling and analysis of multi-hop control networks},
  author={Alur, Rajeev and d'Innocenzo, Alessandro and Johansson, Karl H and Pappas, George J and Weiss, Gera},
  journal={IEEE Transactions on Automatic control},
  volume={56},
  number={10},
  pages={2345--2357},
  year={2011},
  publisher={IEEE}
}

@inproceedings{heemels2012introduction,
  title={An introduction to event-triggered and self-triggered control},
  author={Heemels, WPMH and Johansson, Karl Henrik and Tabuada, Paulo},
  booktitle={Decision and Control (CDC), 2012 IEEE 51st Annual Conference on},
  pages={3270--3285},
  year={2012},
  organization={IEEE}
}

@inproceedings{johnson2013accelerating,
  title={Accelerating stochastic gradient descent using predictive variance reduction},
  author={Johnson, Rie and Zhang, Tong},
  booktitle={Advances in neural information processing systems},
  pages={315--323},
  year={2013}
}

@article{schmidt2017minimizing,
  title={Minimizing finite sums with the stochastic average gradient},
  author={Schmidt, Mark and Le Roux, Nicolas and Bach, Francis},
  journal={Mathematical Programming},
  volume={162},
  number={1-2},
  pages={83--112},
  year={2017},
  publisher={Springer}
}

@article{lemmon2010event,
	title={Event-triggered feedback in control, estimation, and optimization},
	author={Lemmon, Michael},
	journal={Networked Control Systems},
	volume={406},
	pages={293--358},
	year={2010},
	publisher={Springer}
}

@inproceedings{schraudolph2007stochastic,
  title={A stochastic quasi-Newton method for online convex optimization},
  author={Schraudolph, Nicol N and Yu, Jin and G{\"u}nter, Simon},
  booktitle={Artificial Intelligence and Statistics},
  pages={436--443},
  year={2007}
}

@incollection{bottou2010large,
  title={Large-scale machine learning with stochastic gradient descent},
  author={Bottou, L{\'e}on},
  booktitle={Proceedings of COMPSTAT'2010},
  pages={177--186},
  year={2010},
  publisher={Springer}
}

@article{mokkadem2011generalization,
  title={A generalization of the averaging procedure: The use of two-time-scale algorithms},
  author={Mokkadem, Abdelkader and Pelletier, Mariane},
  journal={SIAM Journal on Control and Optimization},
  volume={49},
  number={4},
  pages={1523--1543},
  year={2011},
  publisher={SIAM}
}

@book{shapiro2009lectures,
  title={Lectures on stochastic programming: modeling and theory},
  author={Shapiro, Alexander and Dentcheva, Darinka and Ruszczy{\'n}ski, Andrzej},
  year={2009},
  publisher={SIAM}
}

@article{chen2017stochastic,
  title={Stochastic averaging for constrained optimization with application to online resource allocation},
  author={Chen, Tianyi and Mokhtari, Aryan and Wang, Xin and Ribeiro, Alejandro and Giannakis, Georgios B},
  journal={IEEE Transactions on Signal Processing},
  volume={65},
  number={12},
  pages={3078--3093},
  year={2017},
  publisher={IEEE}
}

@article{kingma2014adam,
  title={Adam: A method for stochastic optimization},
  author={Kingma, Diederik P and Ba, Jimmy},
  journal={arXiv preprint arXiv:1412.6980},
  year={2014}
}

@article{fujimoto2006non,
  title={A non-stationary noise suppression method based on particle filtering and Polyak averaging},
  author={Fujimoto, Masakiyo and Nakamura, Satoshi},
  journal={IEICE transactions on information and systems},
  volume={89},
  number={3},
  pages={922--930},
  year={2006},
  publisher={The Institute of Electronics, Information and Communication Engineers}
}

@article{besbes2015non,
  title={Non-stationary stochastic optimization},
  author={Besbes, Omar and Gur, Yonatan and Zeevi, Assaf},
  journal={Operations research},
  volume={63},
  number={5},
  pages={1227--1244},
  year={2015},
  publisher={INFORMS}
}

@article{tieleman2012lecture,
  title={Lecture 6.5-rmsprop: Divide the gradient by a running average of its recent magnitude},
  author={Tieleman, Tijmen and Hinton, Geoffrey},
  journal={COURSERA: Neural networks for machine learning},
  volume={4},
  number={2},
  pages={26--31},
  year={2012}
}

@article{shalev2010learnability,
  title={Learnability, stability and uniform convergence},
  author={Shalev-Shwartz, Shai and Shamir, Ohad and Srebro, Nathan and Sridharan, Karthik},
  journal={Journal of Machine Learning Research},
  volume={11},
  number={Oct},
  pages={2635--2670},
  year={2010}
}

@inproceedings{sriperumbudur2010relation,
  title={On the relation between universality, characteristic kernels and RKHS embedding of measures},
  author={Sriperumbudur, Bharath and Fukumizu, Kenji and Lanckriet, Gert},
  booktitle={Proceedings of the Thirteenth International Conference on Artificial Intelligence and Statistics},
  pages={773--780},
  year={2010}
}

@article{cybenko1989approximation,
  title={Approximation by superpositions of a sigmoidal function},
  author={Cybenko, George},
  journal={Mathematics of control, signals and systems},
  volume={2},
  number={4},
  pages={303--314},
  year={1989},
  publisher={Springer}
}

@article{hornik1991approximation,
  title={Approximation capabilities of multilayer feedforward networks},
  author={Hornik, Kurt},
  journal={Neural networks},
  volume={4},
  number={2},
  pages={251--257},
  year={1991},
  publisher={Elsevier}
}

@article{park1991universal,
  title={Universal approximation using radial-basis-function networks},
  author={Park, Jooyoung and Sandberg, Irwin W},
  journal={Neural computation},
  volume={3},
  number={2},
  pages={246--257},
  year={1991},
  publisher={MIT Press}
}

@incollection{williams1992simple,
  title={Simple statistical gradient-following algorithms for connectionist reinforcement learning},
  author={Williams, Ronald J},
  booktitle={Reinforcement Learning},
  pages={5--32},
  year={1992},
  publisher={Springer}
}

@article{yu2006dual,
  title={Dual methods for nonconvex spectrum optimization of multicarrier systems},
  author={Yu, Wei and Lui, Raymond},
  journal={IEEE Transactions on Communications},
  volume={54},
  number={7},
  pages={1310--1322},
  year={2006},
  publisher={IEEE}
}

@article{duchi2015optimal,
  title={Optimal rates for zero-order convex optimization: The power of two function evaluations},
  author={Duchi, John C and Jordan, Michael I and Wainwright, Martin J and Wibisono, Andre},
  journal={IEEE Transactions on Information Theory},
  volume={61},
  number={5},
  pages={2788--2806},
  year={2015},
  publisher={IEEE}
}

@techreport{nesterov2011random,
  title={Random gradient-free minimization of convex functions},
  author={Nesterov, Yurii and Spokoiny, Vladimir},
  year={2011},
  institution={Universit{\'e} catholique de Louvain, Center for Operations Research and Econometrics (CORE)}
}

@article{ghadimi2013stochastic,
  title={Stochastic first-and zeroth-order methods for nonconvex stochastic programming},
  author={Ghadimi, Saeed and Lan, Guanghui},
  journal={SIAM Journal on Optimization},
  volume={23},
  number={4},
  pages={2341--2368},
  year={2013},
  publisher={SIAM}
}

@article{hajinezhad2017zeroth,
  title={Zeroth Order Nonconvex Multi-Agent Optimization over Networks},
  author={Hajinezhad, Davood and Hong, Mingyi and Garcia, Alfredo},
  journal={arXiv preprint arXiv:1710.09997},
  year={2017}
}

@inproceedings{sutton2000policy,
  title={Policy gradient methods for reinforcement learning with function approximation},
  author={Sutton, Richard S and McAllester, David A and Singh, Satinder P and Mansour, Yishay},
  booktitle={Advances in neural information processing systems},
  pages={1057--1063},
  year={2000}
}

@article{sun2017learning,
  title={Learning to optimize: Training deep neural networks for wireless resource management},
  author={Sun, Haoran and Chen, Xiangyi and Shi, Qingjiang and Hong, Mingyi and Fu, Xiao and Sidiropoulos, Nikos D},
  journal={arXiv preprint arXiv:1705.09412},
  year={2017}
}

@article{farsad2017detection,
  title={Detection algorithms for communication systems using deep learning},
  author={Farsad, Nariman and Goldsmith, Andrea},
  journal={arXiv preprint arXiv:1705.08044},
  year={2017}
}

@article{de2017decentralized,
  title={Decentralized Deep Scheduling for Interference Channels},
  author={de Kerret, Paul and Gesbert, David and Filippone, Maurizio},
  journal={arXiv preprint arXiv:1711.00625},
  year={2017}
}

@article{zhang2018deep,
  title={Deep Learning in Mobile and Wireless Networking: A Survey},
  author={Zhang, Chaoyun and Patras, Paul and Haddadi, Hamed},
  journal={arXiv preprint arXiv:1803.04311},
  year={2018}
}

@book{sesia2011lte,
  title={LTE-the UMTS long term evolution: from theory to practice},
  author={Sesia, Stefania and Baker, Matthew and Toufik, Issam},
  year={2011},
  publisher={John Wiley \& Sons}
}

@article{agiwal2016next,
  title={Next generation 5G wireless networks: A comprehensive survey},
  author={Agiwal, Mamta and Roy, Abhishek and Saxena, Navrati},
  journal={IEEE Communications Surveys \& Tutorials},
  volume={18},
  number={3},
  pages={1617--1655},
  year={2016},
  publisher={IEEE}
}
